@inproceedings{LocalFirst,
author = {Kleppmann, Martin and Wiggins, Adam and van Hardenberg, Peter and McGranaghan, Mark},
title = {Local-First Software: You own your data, in spite of the cloud},
booktitle = {ACM SIGPLAN International Symposium on New Ideas, New Paradigms, and Reflections on Programming and Software},
series = {Onward! 2019},
year = {2019},
pages = {154--178},
publisher = {ACM},
month = oct,
doi = {10.1145/3359591.3359737},
pdf = {https://martin.kleppmann.com/papers/local-first.pdf}
}
